<record><leader>00000cas a2200000 a 4500</leader><controlfield tag="001">6189057</controlfield><controlfield tag="008">800410c19749999mtuwr ne      0   a0eng c</controlfield><datafield ind1=" " ind2=" " tag="010"><subfield code="a">sn 93050503 </subfield></datafield><datafield ind1=" " ind2=" " tag="040"><subfield code="a">GZN</subfield><subfield code="b">eng</subfield><subfield code="c">GZN</subfield><subfield code="d">ANU</subfield><subfield code="d">CVF</subfield><subfield code="d">NYS</subfield><subfield code="d">CNK</subfield><subfield code="d">OCLCQ</subfield><subfield code="d">OCLCF</subfield><subfield code="d">OCLCO</subfield></datafield><datafield ind1="1" ind2=" " tag="029"><subfield code="a">AU@</subfield><subfield code="b">000020751245</subfield></datafield><datafield ind1=" " ind2=" " tag="042"><subfield code="a">pcc</subfield></datafield><datafield ind1=" " ind2=" " tag="043"><subfield code="a">n-us-mt</subfield></datafield><datafield ind1="0" ind2="0" tag="245"><subfield code="a">Wotanin wowapi.</subfield></datafield><datafield ind1=" " ind2=" " tag="260"><subfield code="a">Poplar, Mont. :</subfield><subfield code="b">Fort Peck Tribal Executive Board</subfield></datafield><datafield ind1=" " ind2=" " tag="300"><subfield code="a">v. ;</subfield><subfield code="c">58 cm.</subfield></datafield><datafield ind1=" " ind2=" " tag="310"><subfield code="a">Weekly,</subfield><subfield code="b">Aug. 28, 1985-</subfield></datafield><datafield ind1=" " ind2=" " tag="321"><subfield code="a">Biweekly,</subfield><subfield code="b">&lt;Oct. 23, 1975-May 20, 1976&gt;</subfield></datafield><datafield ind1=" " ind2=" " tag="321"><subfield code="a">Monthly (irregular),</subfield><subfield code="b">&lt;Nov. 1976-Mar. 1, 1979&gt;</subfield></datafield><datafield ind1=" " ind2=" " tag="321"><subfield code="a">Biweekly,</subfield><subfield code="b">&lt;Mar. 28, 1980&gt;-Aug. 21, 1985</subfield></datafield><datafield ind1="1" ind2=" " tag="362"><subfield code="a">Began in 1974.</subfield></datafield><datafield ind1=" " ind2=" " tag="530"><subfield code="a">Also issued on microfiche from Clearwater Pub. Co.</subfield></datafield><datafield ind1=" " ind2=" " tag="588"><subfield code="a">Description based on: Vol. 6, no. 21 (Oct. 23, 1975).</subfield></datafield><datafield ind1=" " ind2=" " tag="588"><subfield code="a">Latest issue consulted: Vol. 32, no. 35 (Sept. 6, 2001).</subfield></datafield><datafield ind1=" " ind2="0" tag="650"><subfield code="a">Indians of North America</subfield><subfield code="z">Montana</subfield><subfield code="v">Newspapers.</subfield></datafield><datafield ind1=" " ind2="0" tag="650"><subfield code="a">Assiniboine Indians</subfield><subfield code="v">Newspapers.</subfield></datafield><datafield ind1=" " ind2="0" tag="650"><subfield code="a">Siouan Indians</subfield><subfield code="v">Newspapers.</subfield></datafield><datafield ind1=" " ind2="0" tag="651"><subfield code="a">Poplar (Mont.)</subfield><subfield code="v">Newspapers.</subfield></datafield><datafield ind1=" " ind2="0" tag="651"><subfield code="a">Roosevelt County (Mont.)</subfield><subfield code="v">Newspapers.</subfield></datafield><datafield ind1=" " ind2="0" tag="651"><subfield code="a">Fort Peck Indian Reservation (Mont.)</subfield><subfield code="v">Newspapers.</subfield></datafield><datafield ind1=" " ind2="7" tag="655"><subfield code="a">Newspapers.</subfield><subfield code="2">fast</subfield><subfield code="0">(OCoLC)fst01423814</subfield></datafield><datafield ind1=" " ind2="7" tag="650"><subfield code="a">Assiniboine Indians.</subfield><subfield code="2">fast</subfield><subfield code="0">(OCoLC)fst00819101</subfield></datafield><datafield ind1=" " ind2="7" tag="650"><subfield code="a">Indians of North America.</subfield><subfield code="2">fast</subfield><subfield code="0">(OCoLC)fst00969633</subfield></datafield><datafield ind1=" " ind2="7" tag="650"><subfield code="a">Siouan Indians.</subfield><subfield code="2">fast</subfield><subfield code="0">(OCoLC)fst01119649</subfield></datafield><datafield ind1=" " ind2="7" tag="651"><subfield code="a">Montana.</subfield><subfield code="2">fast</subfield><subfield code="0">(OCoLC)fst01207555</subfield></datafield><datafield ind1=" " ind2="7" tag="651"><subfield code="a">Montana</subfield><subfield code="z">Fort Peck Indian Reservation.</subfield><subfield code="2">fast</subfield><subfield code="0">(OCoLC)fst01251307</subfield></datafield><datafield ind1=" " ind2="7" tag="651"><subfield code="a">Montana</subfield><subfield code="z">Poplar.</subfield><subfield code="2">fast</subfield><subfield code="0">(OCoLC)fst01220462</subfield></datafield><datafield ind1=" " ind2="7" tag="651"><subfield code="a">Montana</subfield><subfield code="z">Roosevelt County.</subfield><subfield code="2">fast</subfield><subfield code="0">(OCoLC)fst01223261</subfield></datafield><datafield ind1="1" ind2=" " tag="710"><subfield code="a">Assiniboine and Sioux Tribes of the Fort Peck Indian Reservation, Montana.</subfield><subfield code="b">Tribal Executive Board.</subfield></datafield><datafield ind1=" " ind2=" " tag="752"><subfield code="a">United States</subfield><subfield code="b">Montana</subfield><subfield code="c">Roosevelt</subfield><subfield code="d">Poplar.</subfield></datafield><datafield ind1="0" ind2="0" tag="780"><subfield code="t">Wotanin</subfield><subfield code="w">(DLC)sn 86091382</subfield><subfield code="w">(OCoLC)6189066</subfield></datafield></record>